2232 3021
1263 198 1372 235 220

799 337 1336 399 EPIROTICA.
1399 338 1796 398 SIBYLLA

495 452 511 459 's
740 462 1067 552 Vanquam
1114 461 1525 523 M.Terentius
1568 463 1758 525 Varro
1805 459 2018 524 decem

577 478 977 652 Qtantum
999 548 1238 639 Sibyllas
1275 573 1622 616 annumerat
1659 605 1674 630 ,
1721 574 2022 645 tanquam

575 654 892 742 praecipuas
905 697 923 724 ‚
972 667 1228 735 quarum
1242 639 1373 705 libri
1389 650 1647 707 maxima
1660 643 1944 735 religione
1961 653 2022 706 &

577 765 714 805 cura
726 737 928 801 servari
953 742 1168 800 Romae
1190 732 1578 800 credebantur
1618 768 1632 812 3
1677 759 1906 803 certum
1941 756 2026 811 ta-

578 857 723 899 men
760 829 844 894 est
865 827 1078 892 multas
1111 823 1244 890 alias
1271 825 1432 892 fuisse
1465 826 1792 895 Phoebadas
1831 878 1849 908 ,
1892 849 2025 918 quae

581 931 958 989 Daemonum
973 918 1176 987 affiatae
1198 916 1396 1014 spiritu
1428 971 1447 999 ,
1492 925 1658 984 variis
1678 920 1901 985 inlocis
1928 941 2030 983 va-

584 1023 839 1081 ticinatae
859 1009 1008 1077 sunt.
1081 1016 1162 1076 Ex
1178 1009 1393 1076 harum
1405 1036 1660 1077 numero
1683 1012 1793 1078 fuit
1823 1016 2030 1104 Epiro-

585 1115 702 1173 tica
726 1160 744 1187 ‚
774 1130 925 1199 quae
937 1110 1445 1197 proprionomine
1463 1103 1748 1174 Pha‘e'nnis
1763 1102 1923 1168 fuiffe
1943 1102 2030 1165 di-

586 1207 752 1264 citur.
824 1204 1032 1260 Fateor
1056 1191 1382 1259 nonnullos
1408 1192 1554 1260 velle
1584 1194 1738 1260 hanc
1778 1193 2035 1258 eandem

587 1290 694 1356 effe
716 1310 858 1352 cum
886 1283 1140 1373 Phrygia
1174 1278 1272 1347 illa
1292 1286 1366 1368 de
1385 1307 1505 1376 qua
1526 1285 1692 1376 supra
1711 1336 1729 1364 ,
1771 1284 2039 1377 plerique

588 1405 794 1448 tamen
837 1376 997 1452 secus
1040 1373 1314 1459 sentiunt.
1383 1377 1658 1440 Tradunt
1700 1400 1831 1440 eam
1870 1373 2042 1438 fimul

590 1499 772 1567 atque
788 1498 856 1536 ex
869 1495 1035 1537 vtero
1053 1468 1328 1541 materno
1343 1465 2040 1563 prod'iit‚quamprimum

594 1571 669 1633 dc
702 1560 966 1631 Vniverfi
1005 1567 1534 1651 coagmentatione
1558 1558 2041 1654 philosophatam

599 1658 724 1725 csse.
794 1651 1039 1720 Fortaffe
1060 1679 1125 1718 ea
1151 1655 1233 1718 est
1254 1707 1273 1735 ‚
1318 1678 1506 1747 quam
1519 1659 1868 1748 Europaeam
1888 1674 2045 1716 non-

602 1747 747 1817 nulli
760 1752 1226 1837 cognominant,
1243 1771 1376 1839 quae
1390 1743 1658 1841 Thespro
1666 1753 1757 1812 tiae
1775 1750 1929 1840 Epiri
1943 1768 2046 1808 na-

603 1871 662 1912 ta
675 1841 758 1909 'est
771 1894 789 1922 ,
813 1846 947 1905 &in
963 1839 1291 1903 Dodonaeo
1307 1837 1536 1932 templo
1558 1839 1817 1903 reddidit
1840 1860 2046 1902 oracu-

596 1939 671 2003 lass
703 1930 918 2002 {Liber
931 1938 1209 2023 antiquus
1233 1937 1338 2022 qui
1361 1932 1443 1995 est
1468 1936 1532 1994 in
1558 1927 1927 1994 Bibliotheca
1957 1952 2045 1990 re-

598 2037 694 2119 gia
705 2046 806 2105 ,Jvt
826 2021 1000 2087 refert
1016 2021 1321 2087 Boillartus
1338 2039 1364 2102 ,*
1383 2021 1464 2086 illi
1477 2021 1589 2085 lios
1607 2019 1802 2087 ver-sus-
1823 2019 2044 2100 tribuit,

755 2167 759 2171 .
784 2118 1021 2203 Uirginis
1033 2136 1269 2177 aeternum
1283 2118 1440 2177 veniet
1450 2112 1509 2192 de
1523 2137 1707 2205 corpore
1724 2114 1925 2179 verbum

785 2210 988 2271 Puram
1003 2257 1020 2284 ,
1045 2208 1134 2294 qui
1146 2206 1294 2269 valles
1309 2225 1376 2275 (9⁰
1390 2229 1571 2268 montes
1584 2209 1784 2292 transiet
1793 2207 1935 2272 altos.

787 2296 874 2362 Jlle
892 2299 1049 2361 volens
1064 2296 1403 2386 etiamstellato
1416 2294 1568 2385 mtffus
1585 2300 1790 2389 Olympo
1801 2351 1820 2378 ‚

788 2386 993 2452 Edeeur
1002 2385 1185 2450 mundo
1190 2411 1387 2478 pauper
1402 2413 1420 2451 .·
1436 2392 1524 2478 qui
1533 2389 1874 2475 cunHaſslemt‘

787 2490 837 2544 R
840 2484 1004 2541 exerit
1011 2481 1203 2567 imperio
1223 2482 1307 2565 (stc
1317 2483 1452 2543 credo
1468 2500 1535 2551 (φ
1550 2479 1847 2567 mentefitceb
1855 2505 1926 2560 or,
1940 2489 1957 2556 )

790 2571 1036 2636 ffumano
1036 2571 1187 2664 simul
1201 2591 1267 2643 (9⁴
1281 2569 1635 2658 divinostmme
1649 2592 1816 2635 natus.

1672 2668 2060 2735 AEGYPTIA
