2232 3021
502 136 612 191 ¹42·
924 103 1608 170 P'YTHAGORAS

503 221 711 293 gerent
724 252 741 280 ‚
756 203 858 292 qui
874 195 1024 262 olim
1037 194 1312 290 suffragiis
1323 224 1428 293 per
1440 195 1602 262 fabas
1631 195 1756 262 latis
1771 249 1788 276 ,
1814 223 1946 294 quae

504 302 568 357 in
580 316 789 357 vrnam
809 289 1277 373 conjiciebamus
1309 344 1327 373 ,
1373 297 1436 355 in
1459 296 1663 383 primis
1692 296 1850 383 apud
1864 299 1948 358 A-

502 383 868 466 theniense3‚
884 382 1243 449 creabantur.
1319 381 1617 448 Nonnulli
1635 408 1737 477 per
1751 383 1947 465 ,ωόιμου

508 503 641 543 eam
659 501 890 571 partem
908 475 1066 543 sexus
1082 475 1382 543 muliebris
1398 474 1753 566 intelligunt,
1768 499 1954 570 quam

504 571 702 666 pudor
713 577 1028 636 nominare
1043 594 1237 650 vetat,
1263 570 1376 638 αἰπὲ
1392 575 1468 638 τέ
1491 569 1618 638 κύειν
1644 622 1661 649 ,
1689 593 1953 661 conctpere,

505 686 878 752 »rerumgerere
906 689 924 726 .·
952 661 1134 754 hocqg
1155 685 1454 757 praecepto
1473 662 1712 727 censent
1737 660 1948 750 Pytha÷

503 779 718 843 goram
762 752 794 818 a
837 751 1193 821 scortatione
1226 754 1504 821 homines
1535 754 1832 822 dehortari
1848 780 1988 819 vo-·

502 845 680 912 luiffe.
770 850 864 910 Ac
903 846 1036 912 stine
1058 845 1252 940 ipsum
1278 856 1524 914 Veneris
1552 844 1958 940 temperatiffi-

503 964 680 1005 mum
692 937 851 1004 fuisse
870 967 936 1005 ex
949 944 1177 1005 La'e'rtio
1194 942 1422 1006 constat
1436 976 1451 1021 ·,
1479 948 1583 1036 qui
1598 942 1774 1006 refert
1785 939 1956 1006 illum

508 1030 779 1115 censuiffe
791 1032 1186 1108 concubitum
1202 1059 1573 1127 quocunque
1588 1057 1859 1128 tempore
1873 1032 1959 1097 sa-

507 1130 676 1189 nitati
726 1122 964 1188 officere
1007 1178 1025 1206 ,
1069 1147 1247 1217 atque
1283 1124 1696 1190 infirmitatem
1721 1128 1960 1219 corpori

506 1214 842 1281 conciliare.
911 1216 1027 1301 Alij
1049 1217 1308 1309 denique
1323 1219 1384 1282 id
1399 1225 1555 1282 iuxta
1567 1216 1794 1282 literam
1808 1223 1959 1282 acci-

508 1315 680 1403 piunt
698 1339 712 1385 3
732 1321 791 1373 δε
817 1334 883 1373 ex
904 1311 1341 1402 Aegyptiorum
1355 1307 1579 1403 placitis
1599 1308 1718 1373 hoc
1746 1310 1958 1398 Pytha-

508 1425 724 1492 goram
773 1398 1011 1467 haufiffe
1056 1399 1313 1467 censent.
1381 1402 1735 1471 Herodotus
1795 1409 1960 1467 enim

509 1493 734 1573 scribit,
760 1504 959 1590 neque
972 1493 1330 1561 sererefabas
1364 1547 1384 1576 ‚
1426 1521 1503 1562 ne
1555 1522 1626 1561 ue
1640 1497 1961 1561 comedere

507 1590 843 1680 Aegyptios
884 1641 903 1669 ,
940 1610 1120 1682 atque
1152 1594 1328 1653 etiam
1350 1584 1383 1649 a
1405 1521 1730 1682 conqspecstu
1758 1612 1958 1653 earum

513 1676 832 1744 abhorrere
857 1713 872 1758 3
898 1688 1220 1774 quoniam,
1254 1705 1319 1747 vt
1332 1687 1409 1744 ait
1427 1688 1643 1746 Cicero
1660 1734 1679 1762 ‚
1701 1680 1962 1769 inflatio3

515 1795 659 1835 nem
685 1769 934 1839 afferunt
970 1787 1029 1840 δε
1049 1779 1318 1839 animum
1334 1773 1700 1867 perturbant.

590 1864 927 1931 familiaria
951 1870 1230 1961 quaedam
1242 1865 1449 1930 habuit
1481 1863 1798 1955 Symbola,
1826 1891 1959 1962 quae

516 1963 639 2050 peti
672 1958 908 2049 possunt
923 1986 989 2023 ex
1003 1965 1250 2025 Laertio,

624 2049 972 2116 Nonnullos
989 2059 1107 2118 eius
1130 2049 1311 2118 libros
1327 2056 1466 2114 citat
1483 2055 1756 2132 La'c'rtiu8‚
1771 2074 1961 2143 quan-

519 2165 704 2234 quam
757 2142 1034 2211 nonnulli
1083 2144 1418 2210 existiment
1473 2141 1621 2208 nihil
1675 2139 1957 2238 scripfissc.

517 2241 718 2299 Aurea
741 2261 874 2331 quae
899 2236 1297 2303 inscribuntur
1308 2235 1655 2328 Pythagorae
1679 2243 1958 2316 carmina,

519 2325 737 2414 Lyfidis
753 2337 871 2415 eius
887 2328 1147 2424 discipuli
1183 2380 1198 2406 ,
1239 2327 1331 2395 vel
1346 2329 1573 2396 alterius
1593 2331 1959 2422 Pythagorici

521 2417 669 2484 sunt.
737 2426 927 2488 Aiunt
948 2446 1149 2488 tamen
1162 2422 1466 2490 treslibros
1482 2421 1776 2517 sc'ripfifse‚
1802 2449 1958 2517 quos

523 2510 686 2578 Plato
704 2539 948 2583 centurn
974 2524 1148 2584 minis
1170 2570 1192 2600 ,
1226 2515 1318 2582 hoc
1335 2523 1402 2606 est
1421 2573 1441 2601 ‚
1473 2518 1632 2584 mille
1660 2525 1960 2595 coronatis

1777 2617 1960 2681 aureis
