2232 3021
946 123 1044 176 127

286 215 1720 312 affiaaaaffiaffifflffiffiaaaffiaaaaffi

288 295 1721 378 aaaaaaaaaaaaaaaaaaaaa

541 458 544 461 -
755 408 1260 472 LAOCOON

446 558 504 616 Ic
517 574 764 644 quoque
780 547 1000 614 Heleni
1013 545 1205 629 frater,
1219 550 1430 616 Priami
1446 560 1504 613 &
1522 553 1724 612 Hecu-

287 566 534 717 Hbae
552 641 699 706 filius
716 695 734 724 ,
750 639 1045 735 Apollinis
1063 643 1342 706 Sacerdos
1359 695 1378 723 ,
1398 648 1579 706 Vates
1612 665 1726 704 no·-

284 734 414 802 bilis
456 787 475 818 ,
520 747 580 799 &
621 759 818 800 rerum
840 732 1076 799 scientia
1107 732 1348 824 insignis
1370 733 1602 797 habitus
1625 732 1727 798 est:

285 826 502 894 afflatus
517 834 676 891 enim
690 833 936 892 numine
959 824 1243 918 Apollinis
1259 824 1450 890 futura
1461 825 1724 919 predixit.

284 920 573 1010 Lugendo
606 918 748 984 vero
776 916 906 983 casu
926 923 1095 1012 periit
1123 924 1186 981 in
1211 924 1408 982 Troiae
1432 941 1727 1010 expugna-

283 1018 468 1076 tione.
508 1009 671 1075 Cum
684 1017 845 1075 enim
861 1034 1086 1102 equum
1097 1008 1263 1073 illum
1280 1006 1546 1099 ligneum
1562 1008 1730 1073 vasti-

197 1172 200 1173 7
283 1109 411 1165 tatis
426 1100 730 1164 immensae
752 1099 1117 1163 fabricassent
1139 1105 1331 1163 Graeci
1375 1151 1394 1180 ,
1438 1124 1625 1193 quem
1644 1125 1730 1162 ar-
1760 1164 1771 1171 N

277 1199 453 1261 matis
479 1191 820 1286 oppletum,
836 1218 944 1256 ceu
957 1197 1245 1257 Minervae
1263 1190 1489 1256 sacrum
1505 1243 1521 1270 ‚
1551 1199 1615 1255 in
1638 1217 1730 1256 vr-

281 1282 426 1350 bem
450 1292 630 1378 ruptis
657 1282 957 1349 moenibus
993 1290 1332 1350 invexerant
1379 1318 1394 1363 3
1439 1291 1728 1349 Laocoon

281 1399 439 1441 vates
453 1375 713 1441 multum
727 1374 1065 1441 reclamavit
1097 1429 1116 1457 ,
1149 1388 1209 1441 &
1225 1398 1325 1442 aut
1338 1375 1458 1441 hoc
1471 1373 1727 1441 inclusos

277 1466 445 1559 ligno
463 1467 749 1534 occultari
766 1474 1002 1533 Graecos
1019 1475 1219 1532 Duces
1233 1519 1249 1542 ,
1269 1492 1367 1535 aut
1383 1468 1731 1534 machinam

275 1564 341 1624 in
354 1584 555 1625 muros
587 1573 646 1625 δε
670 1559 824 1625 vrbis
855 1561 1150 1624 excidium
1164 1559 1506 1626 fabricatam
1521 1560 1627 1625 effe
1646 1559 1729 1623 as-

274 1649 472 1729 seruit,
496 1660 577 1717 im
586 1627 871 1717 offiastam
892 1649 1190 1746 sumptam
1207 1651 1459 1719 summis
1479 1661 1544 1718 in
1577 1650 1725 1717 latus

275 1750 416 1835 equi
442 1742 732 1808 contorfit
752 1743 970 1808 viribus
983 1798 1002 1825 ,
1034 1770 1160 1836 quo
1176 1751 1357 1827 istus,
1396 1747 1625 1810 auditus
1644 1746 1728 1809 est

275 1858 642 1900 armatorum
659 1843 926 1929 crepitus
986 1836 1101 1900 Sed
1121 1838 1245 1929 quo
1260 1837 1458 1904 minus
1472 1842 1725 1902 Troiani

271 1929 576 2018 prudentis
611 1935 754 1993 vatis
807 1928 1293 2020 praedid'cionibus
1339 1929 1725 2000 obtempera-

272 2041 406 2082 rent
436 2071 467 2098 -,
513 2018 819 2111 prohibuit
845 2042 1213 2113 portentum.
1286 2016 1458 2088 Dum
1483 2028 1724 2088 enimin

272 2107 510 2175 fatalem
522 2110 866 2175 machinam
883 2110 1240 2179 vociferatur
1258 2121 1551 2180 Laocoon
1592 2168 1611 2195 ‚
1662 2126 1723 2178 &

265 2199 427 2269 ferro
441 2201 743 2293 Argolicas
760 2202 982 2267 foedare
1009 2201 1249 2270 latebras
1266 2203 1465 2279 suadet
1507 2261 1525 2288 ,
1570 2212 1725 2270 Ecce

272 2301 497 2383 gemini
519 2320 737 2386 angues
760 2292 1052 2361 sibilantes
1092 2309 1152 2362 δε
1176 2298 1400 2390 linguas
1428 2299 1724 2367 vibrantes.

272 2393 381 2481 qm
1061 2426 1358 2442 ————
1380 2418 1579 2484 agmme
1600 2411 1726 2452 certo

453 2486 743 2547 AEaeocoonta
747 2500 929 2573 petunt
969 2513 985 2560 3
1022 2498 1090 2555 (μ’
1094 2481 1324 2576 primum
1329 2503 1503 2572 parva
1518 2479 1728 2572 duorum

1327 2581 1530 2667 (ζὴ
